<record><leader>00000cas a22000007a 4500</leader><controlfield tag="001">9743394</controlfield><controlfield tag="008">830727u1966uuuucauwr ne      0   b0spa d</controlfield><datafield ind1=" " ind2=" " tag="010"><subfield code="a">sn 83008277 </subfield></datafield><datafield ind1=" " ind2=" " tag="040"><subfield code="a">NSD</subfield><subfield code="b">eng</subfield><subfield code="c">NSD</subfield><subfield code="d">DLC</subfield><subfield code="d">CNK</subfield><subfield code="d">NSD</subfield><subfield code="d">DLC</subfield><subfield code="d">OCLCQ</subfield><subfield code="d">OCLCF</subfield><subfield code="d">OCLCO</subfield></datafield><datafield ind1=" " ind2=" " tag="012"><subfield code="j">0</subfield><subfield code="l">1</subfield><subfield code="m">d</subfield></datafield><datafield ind1="1" ind2=" " tag="022"><subfield code="a">0739-4837</subfield><subfield code="l">0739-4837</subfield><subfield code="2">1</subfield></datafield><datafield ind1="1" ind2=" " tag="029"><subfield code="a">AU@</subfield><subfield code="b">000025806877</subfield></datafield><datafield ind1=" " ind2=" " tag="032"><subfield code="a">119970</subfield><subfield code="b">USPS</subfield></datafield><datafield ind1=" " ind2=" " tag="037"><subfield code="b">La Prensa de Los Angeles, 1505 Gardena Ave., Glendale, CA 91204</subfield></datafield><datafield ind1=" " ind2=" " tag="042"><subfield code="a">nsdp</subfield><subfield code="a">msc</subfield></datafield><datafield ind1=" " ind2=" " tag="043"><subfield code="a">n-us-ca</subfield></datafield><datafield ind1=" " ind2="3" tag="222"><subfield code="a">La Prensa de Los Angeles</subfield></datafield><datafield ind1="0" ind2="3" tag="245"><subfield code="a">La Prensa de Los Angeles.</subfield></datafield><datafield ind1="1" ind2="3" tag="246"><subfield code="a">Prensa</subfield></datafield><datafield ind1=" " ind2=" " tag="260"><subfield code="a">Los Angeles, Calif. :</subfield><subfield code="b">La Prensa Pub. Co.</subfield></datafield><datafield ind1=" " ind2=" " tag="310"><subfield code="a">Weekly</subfield></datafield><datafield ind1="1" ind2=" " tag="362"><subfield code="a">Began in 1966.</subfield></datafield><datafield ind1=" " ind2=" " tag="500"><subfield code="a">Publication moved to Glendale.</subfield></datafield><datafield ind1="8" ind2=" " tag="521"><subfield code="a">"Periodico Semanal informativo al Servicio de la Comunidad Hisppanoamericana."</subfield></datafield><datafield ind1=" " ind2=" " tag="580"><subfield code="a">Includes; Tango y sus inte&#769;rpretes, also issued separately.</subfield></datafield><datafield ind1=" " ind2=" " tag="588"><subfield code="a">Description based on: Vol. 10, no. 267 (junio 3 de 1976).</subfield></datafield><datafield ind1=" " ind2="0" tag="650"><subfield code="a">Hispanic Americans</subfield><subfield code="z">California</subfield><subfield code="z">Los Angeles</subfield><subfield code="v">Newspapers.</subfield></datafield><datafield ind1=" " ind2="7" tag="655"><subfield code="a">Newspapers.</subfield><subfield code="2">fast</subfield><subfield code="0">(OCoLC)fst01423814</subfield></datafield><datafield ind1=" " ind2="7" tag="650"><subfield code="a">Hispanic Americans.</subfield><subfield code="2">fast</subfield><subfield code="0">(OCoLC)fst00957523</subfield></datafield><datafield ind1=" " ind2="7" tag="651"><subfield code="a">California</subfield><subfield code="z">Los Angeles.</subfield><subfield code="2">fast</subfield><subfield code="0">(OCoLC)fst01204540</subfield></datafield><datafield ind1="0" ind2=" " tag="730"><subfield code="a">Tango y sus inte&#769;rpretes.</subfield></datafield><datafield ind1=" " ind2=" " tag="752"><subfield code="a">United States</subfield><subfield code="b">California</subfield><subfield code="c">Los Angeles</subfield><subfield code="d">Glendale.</subfield></datafield><datafield ind1=" " ind2=" " tag="752"><subfield code="a">United States</subfield><subfield code="b">California</subfield><subfield code="c">Los Angeles</subfield><subfield code="d">Los Angeles.</subfield></datafield><datafield ind1="1" ind2=" " tag="787"><subfield code="t">Tango y sus inte&#769;rpretes</subfield><subfield code="x">1066-6532</subfield><subfield code="w">(DLC)sn 92006653</subfield><subfield code="w">(OCoLC)27024087</subfield></datafield><datafield ind1=" " ind2=" " tag="936"><subfield code="a">23-29 jun. 1983</subfield></datafield></record>